@misc{wfdb, 
    title={{WFDB} toolkit}, 
    note={\url{https://archive.physionet.org/physiotools/wfdb.shtml}}, 
    journal={The WFDB Software Package}
}
@article{ltst,
    author  = "Franc Jager and Alessandro Taddei and George B. Moody and Michele Emdin and Gorazd Antolic and Roman Dorn and Ales Smrdel and Carlo Marchesi and Roger G. Mark",
    title   = "{The Long-Term ST Database (LTST DB)}",
    journal = "Medical \& Biological Engineering \& Computing",
    year    = "2003",
    volume  = "412",
    number  = "2",
    pages   = "172-183"
}

@inproceedings{iso_estimation,
    author = {Smrdel, Ales and Jager, Franc},
    year = {2008},
    month = {10},
    pages = {701 - 704},
    title = {An algorithm to estimate the {ST} Segment level in 24-hour ambulatory {ECG} records},
    volume = {35},
    journal = {IEEE Computers in Cardiology 2008},
    doi = {10.1109/CIC.2008.4749138}
}