@article{ctmri,
    author  = "Laboratory for Biomedical Computer Systems and Imaging, Faculty of Computer Science and Informatics, Univeristy of Ljubljana",
    title   = "{CTMRI Database}",
}
