@article{ding,    
    author = {Ding, J.-J and Huang, C.-W and Ho, Y.-L and Hung, Chi-Sheng and Lin, Yen-Hung and Chen, Y.-H},
    year = {2014},
    month = {01},
    pages = {4256-4263},
    title = {An efficient selection, scoring, and variation ratio test algorithm for ECG R-wave peak detection},
    volume = {20},
    journal = {Experimental and Clinical Cardiology}
}
@misc{wfdb, 
    title={{WFDB} toolkit}, 
    note={\url{https://archive.physionet.org/physiotools/wfdb.shtml}}, 
    journal={The WFDB Software Package}
}
@article{ltst,
    author  = "Franc Jager and Alessandro Taddei and George B. Moody and Michele Emdin and Gorazd Antolic and Roman Dorn and Ales Smrdel and Carlo Marchesi and Roger G. Mark",
    title   = "{The Long-Term ST Database (LTST DB)}",
    journal = "Medical \& Biological Engineering \& Computing",
    year    = "2003",
    volume  = "412",
    number  = "2",
    pages   = "172-183"
}